@book{bib:DummitFoote,
    title     = {Abstract Algebra},
    author    = {David S Dummit and Richard M Foote},
    year      = {2004},
    edition   = {third},
    publisher = {{John Wiley and Sons}}
}

@unpublished{bib:UniversalQuotient,
    title     = {The Universal Property of the Quotient},
    author    = {Bruce Ikenaga},
    year      = {2018},
    url       = {https://sites.millersville.edu/bikenaga/abstract-algebra-1/universal-property-of-the-quotient/universal-property-of-the-quotient.pdf}
}